@inproceedings{hyparview,
  author       = "Leit{\~a}o, J. and Pereira, J. and Rodrigues, L.",
  title        = "HyParView: a membership protocol for reliable gossip-based broadcast",
  booktitle    = "Proceedings of the 37th Annual IEEE/IFIP International Conference on Dependable Systems and Networks",
  year         = "2007",
  pages        = "419--429",
  address      = "Edinburgh, UK",
  month        = jun
}